@misc{reddit-data,
  title={Complete Public Reddit Comments Corpus},
  author={Jason Baumgartner},
  year={2015}
}
